% Diffraction Pattern due to a Rectangular Aperture

@book{hecht2012optics,
  title={Optics},
  author={Hecht, Eugene},
  year={2012},
  publisher={Pearson Education India}
}
% url={"https://emineter.wordpress.com/wp-content/uploads/2020/04/hecht-optics-5ed.pdf?utm_source=chatgpt.com"}

@article{reportguide7,
  title={7. {D}iffraction {P}attern due to a {R}ectangular {A}perture},
  author={UCD}, 
  journal={3rd Year Astro and Space Physics Laboratory Manual},
  year={n.d.}
}

@misc{huygensimgsource,
  title={Huygens {P}rinciple for a {N}ear {S}ource and {F}ar {O}ff {S}ource {D}iagram},
  author={Amoli},
  journal={Sarthaks},
  year={2019},
  url={"https://www.sarthaks.com/254292/verify-laws-of-reflection-or-laws-of-refraction-on-the-basis-of-huygens-wave-theory"},
  note = "[Accessed 27-September-2025]"
}

@misc{ enwiki:1291861847,
  author = "{Wikipedia contributors}",
  title = "Huygens–Fresnel principle --- {Wikipedia}{,} The Free Encyclopedia",
  year = "2025",
  url = "https://en.wikipedia.org/w/index.php?title=Huygens%E2%80%93Fresnel_principle&oldid=1291861847",
  note = "[Accessed 27-September-2025]"
}

@article{likharev2013essential,
  title={Essential Graduate Physics},
  author={Likharev, Konstantin K},
  journal={EM: Classical Electrodynamics, part},
  volume={7},
  year={2013}
}

@phdthesis{phdthesis,
  title = {{The Development of Self-interference of Split HOLZ (SIS-HOLZ) lines for Measuring z-dependent Atomic Displacement in Crystals}},
  author = {Norouzpour, Mana},
  journal = {ResearchGate},
  year = {2017},
  month = {04},
  school = {University of Tehran}
}

@book{Born_Wolf_Bhatia_Clemmow_Gabor_Stokes_Taylor_Wayman_Wilcock_1999, 
  place={Cambridge}, 
  edition={7}, 
  title={{Principles of Optics: Electromagnetic Theory of Propagation, Interference and Diffraction of Light}}, 
  publisher={Cambridge University Press}, 
  author={Born, Max and Wolf, Emil and Bhatia, A. B. and Clemmow, P. C. and Gabor, D. and Stokes, A. R. and Taylor, A. M. and Wayman, P. A. and Wilcock, W. L.}, 
  year={1999}
}

@book{cowley1995diffraction,
  title={Diffraction physics},
  author={Cowley, John Maxwell},
  year={1995},
  publisher={Elsevier}
}

@book{openstax3,
  title={{University Physics Volume 3}},
  publisher={OpenStax},
  author={OpenStax et al.},
  year={2016},
  url={"https://openstax.org/details/books/university-physics-volume-3"}
}

@misc{ enwiki:1313573322,
  author = "{Wikipedia contributors}",
  title = "Diffraction --- {Wikipedia}{,} The Free Encyclopedia",
  year = "2025",
  url = "https://en.wikipedia.org/w/index.php?title=Diffraction&oldid=1313573322",
  note = "[Accessed 27-September-2025]"
}

@article{10.11648/j.ajop.20190701.11,
  author = {Joseph Ivin Thomas},
  title = {{The Classical Double Slit Interference Experiment: A New Geometrical Approach}},
  journal = {American Journal of Optics and Photonics},
  volume = {7},
  number = {1},
  pages = {1-9},
  doi = {10.11648/j.ajop.20190701.11},
  url = {https://doi.org/10.11648/j.ajop.20190701.11},
  eprint = {https://article.sciencepublishinggroup.com/pdf/10.11648.j.ajop.20190701.11},
  year = {2019}
}

@article{andrews1947diffraction,
  title={Diffraction pattern of a circular aperture at short distances},
  author={Andrews, CL},
  journal={Physical Review},
  volume={71},
  number={11},
  pages={777},
  year={1947},
  publisher={APS}
}

@article{koushki2019diffraction,
  title={Diffraction of a partial temporal coherent beam from a single-slit and a circular aperture},
  author={Koushki, E and Alavi, SA},
  journal={Optics Communications},
  volume={441},
  pages={33--37},
  year={2019},
  publisher={Elsevier}
}

@article{burch1985fresnel,
  title={Fresnel diffraction by a circular aperture},
  author={Burch, DS},
  journal={American Journal of Physics},
  volume={53},
  number={3},
  pages={255--260},
  year={1985}
}

@misc{VisualPhysics_singleSlit,
  title        = {Single-Slit Diffraction — Visual Physics},
  author       = {Ian Cooper and D. Arora},
  url = {"https://d-arora.github.io/VisualPhysics/mod31/m31_singleSlit.htm"},
  year         = {n.d.},
  note         = {[Accessed 27-September-2025]}
}

@misc{ enwiki:1314266286,
  author = "{Wikipedia contributors}",
  title = "Fresnel diffraction --- {Wikipedia}{,} The Free Encyclopedia",
  year = "2025",
  url = "https://en.wikipedia.org/w/index.php?title=Fresnel_diffraction&oldid=1314266286",
  note = "[Accessed 3-October-2025]"
}

@misc{bootcamp,
  author={J. Ling, Samuel},
  title={{Physics Bootcamp}},
  url={"https://www.physicsbootcamp.org/author-bio-TWJ.html"},
  year={2025},
  note={[Accessed 3-October-2025]}
}

@misc{lecture1999,
  author={Anon.},
  title={{13. Lecture, 14 October 1999}},
  url={"https://www.pas.rochester.edu/~dmw/ast203/Lectures/Lect_13.pdf"},
  year={1999},
  note={[Accessed 3-October-2025]}
}